@book{minL,
  title={Compiladores - Princípios, Técnicas E Ferramentas},
  author={Alfred V. Aho, Monica S. Lam e Ravi Sethi},
}

@book{bison,
  title={Bison - GNU parser generator},
  author={http://www.gnu.org/software/bison/},
}
